%%% Biber accepts '%' for marking comments

